@article{article,
author = {Principe, Jose and Iii, John},
year = {2000},
month = {09},
pages = {},
title = {Information-Theoretic Learning},
journal = {Advances in unsupervised adaptive filtering}
}