%% This BibTeX bibliography file was created using BibDesk.
%% http://bibdesk.sourceforge.net/

%% Created for fva at 2019-09-19 17:40:57 +0200 


%% Saved with string encoding Western (ASCII) 



@article{val:pel:10b,
	Author = {Francisco~J.~Valverde-Albacete and Carmen Pel\'aez-Moreno},
	Date-Added = {2019-09-19 17:40:54 +0200},
	Date-Modified = {2019-09-19 17:40:54 +0200},
	Journal = {Pattern Recognition Letters},
	Number = {12},
	Pages = {1665--1671},
	Title = {Two information-theoretic tools to assess the performance of multi-class classifiers},
	Volume = {31},
	Year = {2010},
	Annote = {doi:10.1016/j.patrec.2010.05.017}}

@article{val:pel:14a,
	Author = {Francisco J.~Valverde-Albacete and Carmen Pel\'aez-Moreno},
	Date-Added = {2019-09-19 17:40:51 +0200},
	Date-Modified = {2019-09-19 17:40:51 +0200},
	Doi = {10.1371/journal.pone.0084217},
	Journal = {PLOS ONE},
	Month = {january},
	Pages = {1--10},
	Title = {100\% classification accuracy considered harmful: the normalized information transfer factor explains the accuracy paradox},
	Year = {2014},
	Bdsk-Url-1 = {http://dx.doi.org/10.1371/journal.pone.0084217}}

@article{val:pel:18c,
	Author = {Valverde-Albacete, Francisco and Pel{\'a}ez-Moreno, Carmen},
	Date-Added = {2019-09-19 17:40:05 +0200},
	Date-Modified = {2019-09-19 17:40:05 +0200},
	Doi = {https://doi.org/10.3390/e20070498},
	Journal = {Entropy},
	Month = jul,
	Number = {7},
	Pages = {498--20},
	Title = {{Assessing Information Transmission in Data Transformations with the Channel Multivariate Entropy Triangle}},
	Url = {https://www.mdpi.com/1099-4300/20/7/498},
	Volume = {20},
	Year = {2018},
	Bdsk-Url-1 = {https://www.mdpi.com/1099-4300/20/7/498},
	Bdsk-Url-2 = {https://doi.org/10.3390/e20070498}}

@article{val:pel:19b,
	Author = {Valverde Albacete, Francisco Jos\'e and Pel\'{a}ez-Moreno, C},
	Date-Added = {2019-09-19 17:39:56 +0200},
	Date-Modified = {2019-09-19 17:39:56 +0200},
	Doi = {10.1109/TKDE.2019.2915643},
	Journal = {IEEE Transactions on Knowledge and Data Engineering},
	Title = {A Framework for Supervised Classification Performance Analysis with Information-Theoretic Methods},
	Year = {2019 accepted},
	Annote = {* Submitted to TKDE
* Second revision submitted 09/17
},
	Bdsk-Url-1 = {https://doi.org/10.1109/TKDE.2019.2915643}}

@article{val:pel:17b,
	Author = {Francisco J. Valverde-Albacete and Carmen Pel\'aez-Moreno},
	Date-Added = {2019-09-19 17:39:28 +0200},
	Date-Modified = {2019-09-19 17:39:28 +0200},
	Doi = {https://doi.org/10.1016/j.eswa.2017.02.010},
	Issn = {0957-4174},
	Journal = {Expert Syst Appl},
	Keywords = {Entropy balance equation},
	Number = {Supplement C},
	Pages = {145 - 157},
	Title = {The evaluation of data sources using multivariate entropy tools},
	Url = {http://www.sciencedirect.com/science/article/pii/S0957417417300805},
	Volume = {78},
	Year = {2017},
	Bdsk-Url-1 = {http://www.sciencedirect.com/science/article/pii/S0957417417300805},
	Bdsk-Url-2 = {https://doi.org/10.1016/j.eswa.2017.02.010}}

@article{Principe_2000,
	Author = {Principe, Jose and Iii, John},
	Year = {2000},
	Month = {09},
	Pages = {},
	Title = {Information-Theoretic Learning},
	Journal = {Advances in unsupervised adaptive filtering}
}
@article{Santana_2016,
   title={Information Theoretic-Learning auto-encoder},
   ISBN={9781509006205},
   url={http://dx.doi.org/10.1109/ijcnn.2016.7727620},
   DOI={10.1109/ijcnn.2016.7727620},
   journal={2016 International Joint Conference on Neural Networks (IJCNN)},
   publisher={IEEE},
   author={Santana, Eder and Emigh, Matthew and Principe, Jose C},
   year={2016},
   month={07}
}
@article{Yu_2019,
   title={Understanding autoencoders with information theoretic concepts},
   volume={117},
   ISSN={0893-6080},
   url={http://dx.doi.org/10.1016/j.neunet.2019.05.003},
   DOI={10.1016/j.neunet.2019.05.003},
   journal={Neural Networks},
   publisher={Elsevier BV},
   author={Yu, Shujian and Príncipe, José C.},
   year={2019},
   month={09},
   pages={104–123}
}

@article{article_Big_Data,
	author = {Jin, Xiaolong and Wah, Benjamin and Cheng, Xueqi and Wang, Yuanzhuo},
	year = {2015},
	month = {02},
	pages = {},
	title = {Significance and Challenges of Big Data Research},
	volume = {2},
	journal = {Big Data Research},
	doi = {10.1016/j.bdr.2015.01.006}
}

@article{refToInfBottleNeck,
	title={Deep learning and the information bottleneck principle},
	ISBN={9781479955268},
	url={http://dx.doi.org/10.1109/ITW.2015.7133169},
	DOI={10.1109/itw.2015.7133169},
	journal={2015 IEEE Information Theory Workshop (ITW)},
	publisher={IEEE},
	author={Tishby, Naftali and Zaslavsky, Noga},
	year={2015},
	month={04}
}

@misc{ProgrammerSalaries,
	title = { Salarios para empleos de Programador/a junior en España },
	url = {https://www.indeed.es/salaries/Programador/a-junior-Salaries},
	note = {Accessed: 2019-09-21}
}

@misc{Forbes_Article,
	title = { Big Data Is Changing The Way People Live Their Lives },
	author = {Terence Mills},
	journal={Forbes},
	url = {https://www.forbes.com/sites/forbestechcouncil/2018/05/16/big-data-is-changing-the-way-people-live-their-lives/#6444ffc53ce6}
}

@misc{Nature_Article,
	title = { Big data takes on cancer },
	journal={Nature},
	url = {https://www.nature.com/articles/d42473-019-00035-5}
}

@article{Article_Aviation,
	author = {Nagarajan, sumathi and Gokulakrishnan, S and Ramana, Kaushik and Charugundla, Kamal},
	year = {2017},
	month = {12},
	pages = {129-132},
	title = {Application of Big Data Systems to Airline Management},
	volume = {VI},
	journal = {International Journal of Latest Technology in Engineering, Management and Applied Science (IJLTEMAS)}
}

@misc{GDPR,
	author={{European Parliament}},
	title={Council regulation ({EU}) no 679/2016},
	year={2016},
	url = {https://eur-lex.europa.eu/eli/reg/2016/679/oj#d1e40-1-1},
}
